@misc{chen2019neuralordinarydifferentialequations,
  title         = {{Neural Ordinary Differential Equations}},
  author        = {Ricky T. Q. Chen and Yulia Rubanova and Jesse Bettencourt and David Duvenaud},
  year          = {2019},
  eprint        = {1806.07366},
  archiveprefix = {arXiv},
  primaryclass  = {cs.LG},
  url           = {https://arxiv.org/abs/1806.07366}
}

@misc{oh2025comprehensivereviewneuraldifferential,
  title         = {{Comprehensive Review of Neural Differential Equations for Time Series Analysis}},
  author        = {YongKyung Oh and Seungsu Kam and Jonghun Lee and Dong-Young Lim and Sungil Kim and Alex Bui},
  year          = {2025},
  eprint        = {2502.09885},
  archiveprefix = {arXiv},
  primaryclass  = {cs.LG},
  url           = {https://arxiv.org/abs/2502.09885}
}

@misc{debrouwer2019gruodebayescontinuousmodelingsporadicallyobserved,
  title         = {{GRU-ODE-Bayes: Continuous modeling of sporadically-observed time series}},
  author        = {Edward De Brouwer and Jaak Simm and Adam Arany and Yves Moreau},
  year          = {2019},
  eprint        = {1905.12374},
  archiveprefix = {arXiv},
  primaryclass  = {cs.LG},
  url           = {https://arxiv.org/abs/1905.12374}
}

@inproceedings{Karlsson2019ModellingDS,
  title  = {{Modelling Dynamical Systems Using Neural Ordinary Differential Equations}},
  author = {Daniel Karlsson and Olle Svanstr{\"o}m},
  year   = {2019},
  url    = {https://api.semanticscholar.org/CorpusID:196185012}
}

@misc{rubanova2019latentodesirregularlysampledtime,
  title         = {{Latent ODEs for Irregularly-Sampled Time Series}},
  author        = {Yulia Rubanova and Ricky T. Q. Chen and David Duvenaud},
  year          = {2019},
  eprint        = {1907.03907},
  archiveprefix = {arXiv},
  primaryclass  = {cs.LG},
  url           = {https://arxiv.org/abs/1907.03907}
}

@article{Haber_2017,
  title     = {{Stable architectures for deep neural networks}},
  volume    = {34},
  issn      = {1361-6420},
  url       = {http://dx.doi.org/10.1088/1361-6420/aa9a90},
  doi       = {10.1088/1361-6420/aa9a90},
  number    = {1},
  journal   = {Inverse Problems},
  publisher = {IOP Publishing},
  author    = {Haber, Eldad and Ruthotto, Lars},
  year      = {2017},
  month     = dec,
  pages     = {014004}
}

@misc{bokanowski2022neuralnetworksorderhjb,
  title         = {{Neural networks for first order HJB equations and application to front propagation with obstacle terms}},
  author        = {Olivier Bokanowski and Xavier Warin and Averil Prost},
  year          = {2022},
  eprint        = {2210.04300},
  archiveprefix = {arXiv},
  primaryclass  = {math.OC},
  url           = {https://arxiv.org/abs/2210.04300}
}

@misc{cho2014learningphraserepresentationsusing,
  title         = {{Learning Phrase Representations using RNN Encoder-Decoder for Statistical Machine Translation}},
  author        = {Kyunghyun Cho and Bart van Merrienboer and Caglar Gulcehre and Dzmitry Bahdanau and Fethi Bougares and Holger Schwenk and Yoshua Bengio},
  year          = {2014},
  eprint        = {1406.1078},
  archiveprefix = {arXiv},
  primaryclass  = {cs.CL},
  url           = {https://arxiv.org/abs/1406.1078}
} 

@inproceedings{9414104,
  title     = {{Continuous-Time Self-Attention in Neural Differential Equation}},
  author    = {Chien, Jen-Tzung and Chen, Yi-Hsiang},
  booktitle = {{ICASSP 2021 - 2021 IEEE International Conference on Acoustics, Speech and Signal Processing (ICASSP)}},
  year      = {2021},
  volume    = {},
  number    = {},
  pages     = {3290-3294},
  keywords  = {Recurrent neural networks;Memory management;Stochastic processes;Ordinary differential equations;Signal processing;Trajectory;Mathematical model;Sequential learning;neural differential equation;attention mechanism;causal attention},
  doi       = {10.1109/ICASSP39728.2021.9414104}
}

@misc{ruthotto2024differentialequationscontinuoustimedeep,
  title         = {{Differential Equations for Continuous-Time Deep Learning}},
  author        = {Lars Ruthotto},
  year          = {2024},
  eprint        = {2401.03965},
  archiveprefix = {arXiv},
  primaryclass  = {cs.LG},
  url           = {https://arxiv.org/abs/2401.03965}
}

@article{zhang2021continuous,
  title   = {{Continuous Self-Attention Models with Neural ODE Networks}},
  author  = {Zhang, J. and Zhang, P. and Kong, B. and Wei, J. and Jiang, X.},
  journal = {Proceedings of the AAAI Conference on Artificial Intelligence},
  volume  = {35},
  number  = {16},
  pages   = {14393--14401},
  year    = {2021},
  doi     = {10.1609/aaai.v35i16.17692},
  url     = {https://ojs.aaai.org/index.php/AAAI/article/view/17692}
}

@misc{yordanov2023derivationstochastichamiltonjacobibellmanequation,
  title         = {{Derivation of the stochastic Hamilton-Jacobi-Bellman equation}},
  author        = {Vasil Yordanov},
  year          = {2023},
  eprint        = {2312.04581},
  archiveprefix = {arXiv},
  primaryclass  = {math.OC},
  url           = {https://arxiv.org/abs/2312.04581}
}

@misc{lian2025costateneuralnetworkrealtime,
  title         = {{Co-state Neural Network for Real-time Nonlinear Optimal Control with Input Constraints}},
  author        = {Lihan Lian and Uduak Inyang-Udoh},
  year          = {2025},
  eprint        = {2503.00529},
  archiveprefix = {arXiv},
  primaryclass  = {eess.SY},
  url           = {https://arxiv.org/abs/2503.00529}
}

@misc{vaswani2023attentionneed,
  title         = {{Attention Is All You Need}},
  author        = {Ashish Vaswani and Noam Shazeer and Niki Parmar and Jakob Uszkoreit and Llion Jones and Aidan N. Gomez and Lukasz Kaiser and Illia Polosukhin},
  year          = {2023},
  eprint        = {1706.03762},
  archiveprefix = {arXiv},
  primaryclass  = {cs.CL},
  url           = {https://arxiv.org/abs/1706.03762}
}